<collection xmlns="http://www.loc.gov/MARC21/slim"><record><leader>00896nam  2200265   450</leader><controlfield tag="001">262</controlfield><controlfield tag="003">http://montalegre.opacnet.com/OPAC/default.aspx?ContentAreaControl=ShowRegHoldings.ascx&amp;RegNo=16662</controlfield><datafield tag="021" ind1=" " ind2=" "><subfield code="a">PT</subfield><subfield code="b">19839/88</subfield></datafield><datafield tag="095" ind1=" " ind2=" "><subfield code="a">PTBN00123564</subfield></datafield><datafield tag="100" ind1=" " ind2=" "><subfield code="a">20061013d1988    m  y0pora010305  ba</subfield></datafield><datafield tag="101" ind1="1" ind2=" "><subfield code="a">por</subfield><subfield code="c">eng</subfield></datafield><datafield tag="102" ind1=" " ind2=" "><subfield code="a">PT</subfield></datafield><datafield tag="105" ind1=" " ind2=" "><subfield code="a">a   z   000ay</subfield></datafield><datafield tag="106" ind1=" " ind2=" "><subfield code="a">r</subfield></datafield><datafield tag="200" ind1="1" ind2=" "><subfield code="a">&lt;A &gt;loja de antiguidades</subfield><subfield code="f">Charles Dickens</subfield><subfield code="g">trad. Maria de Fatima Fonseca</subfield></datafield><datafield tag="210" ind1=" " ind2=" "><subfield code="a">Mem Martins</subfield><subfield code="c">Europa-América</subfield><subfield code="d">D.L.1988</subfield></datafield><datafield tag="215" ind1=" " ind2=" "><subfield code="a">578, [1] p.</subfield><subfield code="c">il.</subfield><subfield code="d">22 cm</subfield></datafield><datafield tag="225" ind1="2" ind2=" "><subfield code="a">Clássicos</subfield><subfield code="v">4</subfield></datafield><datafield tag="304" ind1=" " ind2=" "><subfield code="a">Tit. orig.: The old curiosity shop</subfield></datafield><datafield tag="675" ind1=" " ind2=" "><subfield code="a">821</subfield><subfield code="v">BN</subfield><subfield code="z">por</subfield></datafield><datafield tag="700" ind1=" " ind2="1"><subfield code="a">Dickens</subfield><subfield code="b">CharlesCharles John Huffam</subfield><subfield code="f">1812-1870</subfield></datafield><datafield tag="702" ind1=" " ind2="1"><subfield code="a">Fonseca</subfield><subfield code="b">Maria de Fátima</subfield><subfield code="4">730</subfield></datafield><datafield tag="801" ind1=" " ind2="0"><subfield code="a">PT</subfield><subfield code="b">Biblioteca Municipal de Montalegre</subfield><subfield code="g">RPC</subfield></datafield><datafield tag="856" ind1=" " ind2=" "><subfield code="u">locateMedia.asp?cod=20060511090717&amp;ext=jpg</subfield><subfield code="z">CAPA</subfield></datafield><datafield tag="909" ind1="&#9;" ind2=" "><subfield code="a">2</subfield></datafield><datafield tag="966" ind1=" " ind2=" "><subfield code="a">0008489</subfield><subfield code="l">BMM</subfield><subfield code="s">SCG 821 DIC loj 4</subfield></datafield><datafield tag="966" ind1=" " ind2=" "><subfield code="a">0008104</subfield><subfield code="l">BMM</subfield><subfield code="s">SCG 821 DIC loj 4</subfield></datafield></record></collection>